@book{KaiBorre,
  title={A software-defined GPS and Galileo receiver: a single-frequency approach},
  author={Borre, Kai and Akos, Dennis M and Bertelsen, Nicolaj and Rinder, Peter and Jensen, S{\o}ren Holdt},
  year={2007},
  publisher={Springer Science \& Business Media}
}

@book{Gleason,
  title={GNSS applications and methods},
  author={Gleason, Scott and Gebre-Egziabher, Demoz},
  year={2009},
  publisher={Artech House}
}

@BOOK{Ublox,
    author    = {Jean-Marie Zogg},
    title     = {GPS : Essentials of  Satellite Navigation},
    publisher = {Ublox},
    year      = {2009}
}

@book{Kaplan,
  title={Understanding GPS: principles and applications},
  author={Kaplan, Elliott and Hegarty, Christopher},
  year={2005},
  publisher={Artech house}
}

@book{Thomas,
  title={An analysis of digital phase-locked loops},
  author={Thomas, JB},
  year={1989},
  publisher={Pasadena, CA: Jet Propulsion Laboratory}
}

@book{Nise,
  title={Control Systems Engineering},
  author={Nise, Norman S},
  year={2007},
  publisher={John Wiley \& Sons}
}

@inproceedings{Ward,
  title={Performance comparisons between FLL, PLL and a novel FLL-assisted-PLL carrier tracking loop under RF interference conditions},
  author={Ward, Phillip W},
  booktitle={Proceedings of the 11th International Technical Meeting of the Satellite Division of The Institute of Navigation},
  pages={783--795},
  year={1998}
}

@book{Gardner,
  title={Phaselock techniques},
  author={Gardner, Floyd M},
  year={2005},
  publisher={John Wiley \& Sons}
}

% Rocket Manuals
@MISC {Ariane,
    author = "Airbus Defence and Space",
    title  = "Ariane5 users manual Issue 5",
    month  = "jul",
    year   = "2011"
}

@MISC {AtlasV,
    author = "United Launch Alliance",
    title  = "Atlas V Launch Services User's Guide",
    month  = "mar",
    year   = "2010"
}

@MISC {DeltaIV,
    author = "United Launch Alliance",
    title  = "Delta IV Launch Services User's Guide",
    month  = "jun",
    year   = "2013"
}

@MISC {Falcon9,
    author = "Space Exploration Technologies Corporation",
    title  = "Falcon 9 Launch Vehicle Payload User's Guide",
    month  = "nov",
    year   = "2009"
}

@MISC {Minotaur,
    author = "Orbital Sciences Corporation",
    title  = "Minotaur I User's Guide",
    month  = "jan",
    year   = "2006"
}

@MISC {Soyuz,
    author = "Starsem",
    title  = "Soyuz Users Manual",
    month  = "apr",
    year   = "2001"
}

%Papers
@article{KazemiPHD,
  title={Development of new filter and tracking schemes for weak GPS signal tracking},
  author={Kazemi, Pejman Lotfali},
  journal={Calgary, Alberta. Canada, University of Calgary. Department of Geomatics Engineering},
  year={2010}
}

@inproceedings{Kazemi2008,
  title={Optimum digital filters for GNSS tracking loops},
  author={Kazemi, Pejman L},
  booktitle={Proc. of ION/GNSS},
  volume={8},
  year={2008}
}

@article{Simon,
  title={Digital filters for digital phase-locked loops},
  author={Simon, M and Mileant, A},
  journal={TDA Progress Report 42},
  volume={81},
  pages={81--92},
  year={1985}
}

@inproceedings{Roncagliolo2007,
  title={High dynamics and false lock resistant GNSS Carrier Tracking Loops},
  author={Roncagliolo, Pedro A and Garcia, Javier G},
  booktitle={Proceedings of The 20th International Technical Meeting of The Satellite Division of The Institute of Navigation, ION GNSS 2007},
  year={2007}
}

@article{Roncagliolo2012,
  title={Optimized carrier tracking loop design for real-time high-dynamics GNSS receivers},
  author={Roncagliolo, Pedro A and Garc{\'\i}a, Javier G and Muravchik, Carlos H},
  journal={International Journal of Navigation and Observation},
  volume={2012},
  year={2012},
  publisher={Hindawi Publishing Corporation}
}

@inproceedings{Jin,
  title={Implementation of high-dynamic phase-locked loop based on DSP},
  author={Jin, Xu and Yongkang, Li and Jie, Xia and Rongyan, Zhou},
  booktitle={Intelligent Computation Technology and Automation (ICICTA), 2010 International Conference on},
  volume={2},
  pages={494--497},
  year={2010},
  organization={IEEE}
}

@book{Araji,
  title={Digital Phase Lock Loops},
  author={Al-Araji, Saleh R and Hussain, Zahir M and Al-Qutayri, Mahmoud A},
  year={2006},
  publisher={Springer}
}

@article{newportdiscrete,
  title={Discrete vs. Continuous Carrier Tracking Loop Theory, Implementation, and Testing with Large BnT},
  author={Newport, OR},
  publisher={Citeseer}
}


@inproceedings{ward1998,
  title={Performance comparisons between FLL, PLL and a novel FLL-assisted-PLL carrier tracking loop under RF interference conditions},
  author={Ward, Phillip W},
  booktitle={Proceedings of the 11th International Technical Meeting of the Satellite Division of The Institute of Navigation (ION GPS 1998)},
  pages={783--795},
  year={1998}
}

%Stuff about Namuru
@article{MumfordNamuru,
  title={"Namuru-GPL", open source software for the Namuru FPGA-based GNSS receiver},
  author={Mumford, Peter J and Heo, Yong},
  journal={Proc. IGNSS2007, Sydney, Australia},
  pages={4--6},
  year={2007},
  publisher={Citeseer}
}

@MISC{Glennon11aquariusfirmware,
    author = {Eamonn P. Glennon and Peter J. Mumford and Kevin Parkinson},
    title = {Aquarius Firmware for UNSW Namuru GPS Receivers},
    year = {2011}
}

@MISC{GlennonPresentation,
    author = {Eamonn P. Glennon},
    title = {Namuru / Kea - A Case Study of a GPS Receiver Design},
    year = {2015}
}

@MISC{Zarlink2015,
    author = {Zarlink Semiconductor},
    title = {GP2015 GPS Receiver RF Front End},
    year = {2005}
}

@inproceedings{NamuruSpaceflight1,
  title={Characterization of the Namuru V3. 2 space-borne GPS receiver},
  author={Choudhury, Mazher and Glennon, Eamonn and Dempster, Andrew G and Mumford, Peter},
  booktitle={12th Australian Space Science Conference},
  pages={24--27},
  year={2012},
  organization={Citeseer}
}

@inproceedings{NamuruSpaceflight2,
  title={The Namuru receiver as development platform for spaceborne GNSS applications},
  author={Grillenberger, Andreas and Rivas, Rodrigo and Markgraf, Markus and Mumford, Peter and Parkinson, Kevin and Rizos, Chris and Center, German Space Operations},
  booktitle={4th ESA Workshop on Satellite Navigation User Equipment Technologies},
  pages={10--12},
  year={2008},
  organization={Citeseer}
}

%Re-Entry equation
@article{eastre,
  title={Re-Entry Vehicle Flight Profiles},
  author={East, Robin A},
  journal={Encyclopedia of Aerospace Engineering},
  publisher={Wiley Online Library}
}

%Re Entry
% Dragon gMax = 5 g
@article{trevino2008spacex,
  title={SpaceX Dragon Re-Entry Vehicle: Aerodynamics and Aerothermodynamics with Application to Base Heat-Shield Design},
  author={Trevino, Loretta},
  year={2008},
  publisher={Georgia Institute of Technology}
}


%Apollo Re-Entry
@article{johnston1975biomedical,
  title={Biomedical results of Apollo},
  author={Johnston, Richard S and Dietlein, Lawrence F and Berry, Charles Alden},
  year={1975}
}

%FAA
@article{FAA,
  title={Returning from Space: Re-entry},
  author={FAA},
  year={2015}
}


@MISC {ReentryDynamics,
    author       = "Dr Alexandre Pechev",
    title        = "Reentry Dynamics",
    howpublished = "Surrey Satellite Systems",
    month        = "apr",
    year         = "2009"
}


@book{Spilker,
  title={Progress In Astronautics and Aeronautics: Global Positioning System: Theory and Applications},
  author={Parkinson, Bradford W and Spilker, James J},
  year={1996},
  publisher={Aiaa}
}

@MISC {Dempster,
    author       = "Andrew Dempster",
    title        = "Satellite Navigation: Systems, Signals \& Receivers",
    howpublished = "Lecture Notes",
    month        = "apr",
    year         = "2015"
}



%Textbooks 
@book{boylestad2006electronic,
  title={Electronic devices and circuit theory},
  author={Boylestad, Robert L and Nashelsky, Louis and Monssen, Franz},
  year={2006},
  publisher={Pearson Prentice Hall}
}


@book{alexander2006fundamentals,
  title={Fundamentals of electric circuits},
  author={Alexander, Charles and Alexander, Charles K and Sadiku, Matthew NO},
  year={2006},
  publisher={Urban Media Comics}
}

@book{sedra1998microelectronic,
  title={Microelectronic circuits},
  author={Sedra, Adel S and Smith, Kenneth Carless},
  volume={1},
  year={1998},
  publisher={Oxford university press}
}

@book{young2006sears,
  title={Sears and Zemansky's university physics},
  author={Young, Hugh D and Freedman, Roger A and Ford, Lewis},
  volume={1},
  year={2006},
  publisher={Pearson education}
}

@book{jewett2010physics,
  title={Physics for scientists and engineers},
  author={Jewett, John W and Serway, Raymond A and Peroomian, Vah{\'e}},
  year={2010},
  publisher={Brooks/Cole}
}


@misc{salas1999etgen,
  title={Etgen, Calculus: one and several variables, 10th edition},
  author={Salas, Hille},
  year={2009},
  publisher={J. Wiley \& Sons, New York}
}


@book{Nise,
  title={Control Systems Engineering, 6th Edition
  author={Nise, Norman S},
  year={2007},
  publisher={John Wiley \& Sons}
}



@book{Gardner,
  title={Phaselock techniques},
  author={Gardner, Floyd M},
  year={2005},
  publisher={John Wiley \& Sons}
}



@ONLINE {CRS4,
    author = "Space Exploration Technologies Corporation",
    title  = "SpaceX CRS-4 Launch",
    month  = "sep",
    year   = "2016",
    url    = "https://www.youtube.com/watch?v=7YkCh7uOw1Y"
}


@ONLINE {CRS5,
    author = "Space Exploration Technologies Corporation",
    title  = "SpaceX CRS-5 Launch",
    month  = "sep",
    year   = "2016",
    url    = "https://www.youtube.com/watch?v=p7x-SumbynI"
}


@ONLINE {CRS6,
    author = "Space Exploration Technologies Corporation",
    title  = "SpaceX CRS-6 Launch",
    month  = "sep",
    year   = "2016",
    url    = "https://www.youtube.com/watch?v=csVpa25iqH0"
}

@ONLINE {SpaceXPhotos,
    author = "Space Exploration Technologies Corporation",
    title  = "Space Exploration Technologies Corporation Media Gallery",
    month  = "sep",
    year   = "2016",
    url    = "http://www.spacex.com/media"
}

@ONLINE {SpaceXFalcon9,
    author = "Space Exploration Technologies Corporation",
    title  = "Falcon 9",
    month  = "sep",
    year   = "2016",
    url    = "http://www.spacex.com/falcon9"
}

@article{Jwo,
  title={Optimisation and sensitivity analysis of GPS receiver tracking loops in dynamic environments},
  author={Jwo, D-J},
  journal={IEE Proceedings-Radar, Sonar and Navigation},
  volume={148},
  number={4},
  pages={241--250},
  year={2001},
  publisher={IET}
}

@article{PengXie,
  title={Improving carrier phase reacquisition time using advanced receiver architectures},
  author={Xie, Peng},
  journal={University of Calgary: Calgary, AB, Canada},
  year={2010}
}

@BOOKLET {VibrationHandout,
    title        = "Spacecraft Structural Dynamics \& Loads An Overview",
    author       = "Adriano Calvi",
    howpublished = "ESA",
    year         = "2010"
}


@ONLINE {MITRocketVibrations,
    author = "MIT Technology Review",
    title  = "What's the Deal with Rocket Vibrations?",
    month  = "sep",
    year   = "2015",
    url    = "http://www.technologyreview.com/view/414364/whats-the-deal-with-rocket-vibrations/"
}


@ONLINE {HarveyMudd,
    author = "Harvey Mudd College",
    title  = "Experimental Engineering Vibration Lecture Notes",
    month  = "sep",
    year   = "2015",
    url    = "http://www.eng.hmc.edu/NewE80/PDFs/VibrationLec2013.pdf"
}

@MANUAL {NASAVibrations,
    title        = "Comparison of vibrations of a combination of solid-rocket launch vehicle and payload during a ground firing and launching",
    author       = "James A. Schoenster and Harold B. Pierce",
    organization = "NASA",
    month        = "dec",
    year         = "1975"
}


@BOOKLET {CrystalVibration,
    title  = "Quartz Crystal Resonators and Oscillators for Frequency Control and Timing Applications - A Tutorial",
    author = "John R. Vig",
    month  = "jan",
    year   = "2004"
}

@ONLINE {TX705Datasheet,
    author = "Vectron",
    title  = "TX-705 Temperature Compensated Crystal Oscillator Datasheet",
    month  = "sep",
    year   = "2015",
    url    = "http://www.vectron.com/products/tcxo/TX-705.pdf"
}

@ONLINE {VT803Datasheet,
    author = "Vectron",
    title  = "VT-803 Temperature Compensated Crystal Oscillator Datasheet",
    month  = "sep",
    year   = "2015",
    url    = "http://www.vectron.com/products/tcxo/VT-803.pdf"
}

@ONLINE {ASTX12Datasheet,
    author = "Abracon",
    title  = "ASTX-12 Ultra Miniature SMD VC/TCXO Datasheett",
    month  = "sep",
    year   = "2015",
    url    = "http://www.abracon.com/Oscillators/ASTX12_ASVTX12.pdf"
}

@BOOKLET {2GTipover,
    title  = "Method for measurement of the sensitivity of crystal resonators to repetitive stimuli",
    author = "P.E. Morley and R.B. Haskell",
    month  = "sep",
    year   = "2015"
}

@ONLINE {ADPLL,
    title        = "Introduction to FPGA based ADPLLs",
    author       = "Silicon Labs",
    howpublished = "Online",
    address      = "http://www.silabs.com/Support\%20Documents/TechnicalDocs/AN575.pdf",
    month        = "sep",
    year         = "2015"
}

@ARTICLE {Ward,
    author  = "Phillip W. Ward",
    title   = "Performance Comparisons Between FLL, PLL and a Novel FLL-Assisted-PLL Carrier Tracking Loop Under RF Interference Conditions",
    journal = "The Institute of Navigation",
    year    = "1998",
    pages   = "783 - 795",
    month   = "sep"
}

@ARTICLE {RAZAVI,
    author  = "ALIREZA RAZAVI, DEMOZ GEBRE-EGZIABHER, DENNIS M. AKOS",
    title   = "Carrier Loop Architectures for Tracking Weak GPS Signals",
    journal = "IEEE TRANSACTIONS ON AEROSPACE AND ELECTRONIC SYSTEMS",
    year    = "2008",
    volume  = "44",
    month   = "apr"
}

@ONLINE {Falcon9Stats,
    title = "SpaceX Falcon 9 v1.1 Data Sheet",
    month = "sep",
    year  = "2015",
    url   = "http://www.spacelaunchreport.com/falcon9v1-1.html"
}

@techreport{LaunchDesign,
  title={Space mission analysis and design},
  author={Larson, Wiley J and Wertz, James Richard},
  year={1992},
  institution={Microcosm, Inc., Torrance, CA (US)}
}


\\Need to read these
@article{Lindsey,
  title={A survey of digital phase-locked loops},
  author={Lindsey, William C and Chie, Chak Ming},
  journal={Proceedings of the IEEE},
  volume={69},
  number={4},
  pages={410--431},
  year={1981},
  publisher={IEEE}
}


@book{Stephens,
  title={Phase-locked loops for wireless communications: digital, analog and optical implementations},
  author={Stephens, Donald R},
  year={2007},
  publisher={Springer Science \& Business Media}
}


@book{Best,
  title={Phase locked loops},
  author={Best, Roland E},
  year={2007},
  publisher={McGraw-Hill Professional}
}


@book{Tsui,
  title={Fundamentals of global positioning system receivers},
  author={Tsui, James Bao-Yen},
  year={2000},
  publisher={Wiley-Interscience}
}



%Spirent datahseets

@BOOKLET {GSS8000Datasheet,
    title  = "GSS8000 Series - Datasheet Specification",
    author = "Spirent",
    month  = "mar",
    year   = "2009"
}

@BOOKLET {SimgenUsermanual,
    title  = "SimGEN User Manual",
    author = "Spirent",
    month  = "dec",
    year   = "2006"
}

@BOOKLET {GSS6560ProductSpecification,
    title  = "GSS6560 MULTI-CHANNEL GPS/SBAS SIMULATOR PRODUCT SPECIFICATION",
    author = "Spirent",
    month  = "mar",
    year   = "2004"
}

@BOOKLET {GSS6560ProductSpecification,
    title  = "Spirent GSS6560 Brochure",
    author = "Spirent",
    month  = "sep",
    year   = "2006"
}

@MISC {MatlabCode,
    author       = "Dr Eamonn Glennon",
    title        = "Aquarius Matlab Simulation",
    howpublished = "Propriatory \& Confidential",
    month        = "jan",
    year         = "2015"
}


@MISC {FirmwareCode,
    author       = "Dr Eamonn Glennon",
    title        = "Aquarius Firmware",
    howpublished = "Propriatory \& Confidential",
    month        = "jan",
    year         = "2015"
}

@book{ArashBook,
  title={Computer-controlled systems: theory and design},
  author={{\AA}str{\"o}m, Karl J and Wittenmark, Bj{\"o}rn},
  year={2013},
  publisher={Courier Corporation}
}