@book{KaiBorre,
  title={A software-defined GPS and Galileo receiver: a single-frequency approach},
  author={Borre, Kai and Akos, Dennis M and Bertelsen, Nicolaj and Rinder, Peter and Jensen, S{\o}ren Holdt},
  year={2007},
  publisher={Springer Science \& Business Media}
}

@book{Gleason,
  title={GNSS applications and methods},
  author={Gleason, Scott and Gebre-Egziabher, Demoz},
  year={2009},
  publisher={Artech House}
}

@misc{Tsui,
  title={Fundamentals of global positioning receivers},
  author={Tsui, JB},
  year={2000},
  publisher={John Wiley \& Sons, New York, Chichester}
}

@BOOK{Ublox,
    author    = {Jean-Marie Zogg},
    title     = {GPS : Essentials of  Satellite Navigation},
    publisher = {Ublox},
    year      = {2009}
}

@book{Kaplan,
  title={Understanding GPS: principles and applications},
  author={Kaplan, Elliott and Hegarty, Christopher},
  year={2005},
  publisher={Artech house}
}

@book{Thomas,
  title={An analysis of digital phase-locked loops},
  author={Thomas, JB},
  year={1989},
  publisher={Pasadena, CA: Jet Propulsion Laboratory}
}

@book{Nise,
  title={Control Systems Engineering},
  author={Nise, Norman S},
  year={2007},
  publisher={John Wiley \& Sons}
}

@inproceedings{Ward,
  title={Performance comparisons between FLL, PLL and a novel FLL-assisted-PLL carrier tracking loop under RF interference conditions},
  author={Ward, Phillip W},
  booktitle={Proceedings of the 11th International Technical Meeting of the Satellite Division of The Institute of Navigation},
  pages={783--795},
  year={1998}
}

@book{Gardner,
  title={Phaselock techniques},
  author={Gardner, Floyd M},
  year={2005},
  publisher={John Wiley \& Sons}
}

% Rocket Manuals
@MISC {Ariane,
    author = "Airbus Defence and Space",
    title  = "Ariane5 users manual Issue 5",
    month  = "jul",
    year   = "2011"
}

@MISC {AtlasV,
    author = "United Launch Alliance",
    title  = "Atlas V Launch Services User's Guide",
    month  = "mar",
    year   = "2010"
}

@MISC {DeltaIV,
    author = "United Launch Alliance",
    title  = "Delta IV Launch Services User's Guide",
    month  = "jun",
    year   = "2013"
}

@MISC {Falcon9,
    author = "Space Exploration Technologies Corporation",
    title  = "Falcon 9 Launch Vehicle Payload User's Guide",
    month  = "nov",
    year   = "2009"
}

@MISC {Minotaur,
    author = "Orbital Sciences Corporation",
    title  = "Minotaur I User's Guide",
    month  = "jan",
    year   = "2006"
}

@MISC {Soyuz,
    author = "Starsem",
    title  = "Soyuz Users Manual",
    month  = "apr",
    year   = "2001"
}

%Papers
@article{KazemiPHD,
  title={Development of new filter and tracking schemes for weak GPS signal tracking},
  author={Kazemi, Pejman Lotfali},
  journal={Calgary, Alberta. Canada, University of Calgary. Department of Geomatics Engineering},
  year={2010}
}

@inproceedings{Kazemi2008,
  title={Optimum digital filters for GNSS tracking loops},
  author={Kazemi, Pejman L},
  booktitle={Proc. of ION/GNSS},
  volume={8},
  year={2008}
}

@article{Simon,
  title={Digital filters for digital phase-locked loops},
  author={Simon, M and Mileant, A},
  journal={TDA Progress Report 42},
  volume={81},
  pages={81--92},
  year={1985}
}

@inproceedings{Roncagliolo2007,
  title={High dynamics and false lock resistant GNSS Carrier Tracking Loops},
  author={Roncagliolo, Pedro A and Garcia, Javier G},
  booktitle={Proceedings of The 20th International Technical Meeting of The Satellite Division of The Institute of Navigation, ION GNSS 2007},
  year={2007}
}

@article{Roncagliolo2012,
  title={Optimized carrier tracking loop design for real-time high-dynamics GNSS receivers},
  author={Roncagliolo, Pedro A and Garc{\'\i}a, Javier G and Muravchik, Carlos H},
  journal={International Journal of Navigation and Observation},
  volume={2012},
  year={2012},
  publisher={Hindawi Publishing Corporation}
}

@inproceedings{Jin,
  title={Implementation of high-dynamic phase-locked loop based on DSP},
  author={Jin, Xu and Yongkang, Li and Jie, Xia and Rongyan, Zhou},
  booktitle={Intelligent Computation Technology and Automation (ICICTA), 2010 International Conference on},
  volume={2},
  pages={494--497},
  year={2010},
  organization={IEEE}
}

@book{Araji,
  title={Digital Phase Lock Loops},
  author={Al-Araji, Saleh R and Hussain, Zahir M and Al-Qutayri, Mahmoud A},
  year={2006},
  publisher={Springer}
}

@article{newportdiscrete,
  title={Discrete vs. Continuous Carrier Tracking Loop Theory, Implementation, and Testing with Large BnT},
  author={Newport, OR},
  publisher={Citeseer}
}


@inproceedings{ward1998,
  title={Performance comparisons between FLL, PLL and a novel FLL-assisted-PLL carrier tracking loop under RF interference conditions},
  author={Ward, Phillip W},
  booktitle={Proceedings of the 11th International Technical Meeting of the Satellite Division of The Institute of Navigation (ION GPS 1998)},
  pages={783--795},
  year={1998}
}

%Stuff about Namuru
@article{MumfordNamuru,
  title={"Namuru-GPL", open source software for the Namuru FPGA-based GNSS receiver},
  author={Mumford, Peter J and Heo, Yong},
  journal={Proc. IGNSS2007, Sydney, Australia},
  pages={4--6},
  year={2007},
  publisher={Citeseer}
}

@MISC{Glennon11aquariusfirmware,
    author = {Eamonn P. Glennon and Peter J. Mumford and Kevin Parkinson},
    title = {Aquarius Firmware for UNSW Namuru GPS Receivers},
    year = {2011}
}

@MISC{GlennonPresentation,
    author = {Eamonn P. Glennon},
    title = {Namuru / Kea - A Case Study of a GPS Receiver Design},
    year = {2015}
}

@MISC{Zarlink2015,
    author = {Zarlink Semiconductor},
    title = {GP2015 GPS Receiver RF Front End},
    year = {2005}
}

@inproceedings{NamuruSpaceflight1,
  title={Characterization of the Namuru V3. 2 spaceborne GPS receiver},
  author={Choudhury, Mazher and Glennon, Eamonn and Dempster, Andrew G and Mumford, Peter},
  booktitle={12th Australian Space Science Conference},
  pages={24--27},
  year={2012},
  organization={Citeseer}
}

@inproceedings{NamuruSpaceflight2,
  title={The Namuru receiver as development platform for spaceborne GNSS applications},
  author={Grillenberger, Andreas and Rivas, Rodrigo and Markgraf, Markus and Mumford, Peter and Parkinson, Kevin and Rizos, Chris and Center, German Space Operations},
  booktitle={4th ESA Workshop on Satellite Navigation User Equipment Technologies},
  pages={10--12},
  year={2008},
  organization={Citeseer}
}

%Re-Entry equation
@article{eastre,
  title={Re-Entry Vehicle Flight Profiles},
  author={East, Robin A},
  journal={Encyclopedia of Aerospace Engineering},
  publisher={Wiley Online Library}
}

%Re Entry
% Dragon gMax = 5 g
@article{trevino2008spacex,
  title={SpaceX Dragon Re-Entry Vehicle: Aerodynamics and Aerothermodynamics with Application to Base Heat-Shield Design},
  author={Trevino, Loretta},
  year={2008},
  publisher={Georgia Institute of Technology}
}


%Apollo Re-Entry
@article{johnston1975biomedical,
  title={Biomedical results of Apollo},
  author={Johnston, Richard S and Dietlein, Lawrence F and Berry, Charles Alden},
  year={1975}
}

%FAA
@article{FAA,
  title={Returning from Space: Re-entry},
  author={FAA},
  year={2015}
}


@MISC {ReentryDynamics,
    author       = "Dr Alexandre Pechev",
    title        = "Reentry Dynamics",
    howpublished = "Surrey Satellite Systems",
    month        = "apr",
    year         = "2009"
}


@book{Spilker,
  title={Progress In Astronautics and Aeronautics: Global Positioning System: Theory and Applications},
  author={Parkinson, Bradford W and Spilker, James J},
  year={1996},
  publisher={Aiaa}
}

@MISC {Dempster,
    author       = "Andrew Dempster",
    title        = "Satellite Navigation: Systems, Signals \& Receivers",
    howpublished = "Lecture Notes",
    month        = "apr",
    year         = "2015"
}